<?xml version="1.0" encoding="UTF-8"?>
<record>
  <leader>01550nam#a2200397#cb4500</leader>
  <controlfield tag="005">20210409063510.0</controlfield>
  <controlfield tag="007">tu</controlfield>
  <controlfield tag="008">111031|2011####gw#######m####|||#|#ger#c</controlfield>
  <controlfield tag="003">DE-605</controlfield>
  <controlfield tag="001">990189160110206441</controlfield>
  <datafield tag="016" ind1="7" ind2=" ">
    <subfield code="a">767576266</subfield>
    <subfield code="2">OCoLC</subfield>
  </datafield>
  <datafield tag="020" ind1=" " ind2=" ">
    <subfield code="a">9783898997126</subfield>
    <subfield code="9">978-3-89899-712-6</subfield>
  </datafield>
  <datafield tag="035" ind1=" " ind2=" ">
    <subfield code="a">(DE-605)HT017015300</subfield>
  </datafield>
  <datafield tag="040" ind1=" " ind2=" ">
    <subfield code="a">468</subfield>
    <subfield code="b">ger</subfield>
    <subfield code="d">361</subfield>
    <subfield code="e">rakwb</subfield>
  </datafield>
  <datafield tag="041" ind1=" " ind2=" ">
    <subfield code="a">ger</subfield>
  </datafield>
  <datafield tag="044" ind1=" " ind2=" ">
    <subfield code="c">XA-DE</subfield>
  </datafield>
  <datafield tag="100" ind1="1" ind2=" ">
    <subfield code="a">Derecik, Ahmet</subfield>
    <subfield code="d">1978-</subfield>
    <subfield code="0">(DE-588)1017737398</subfield>
    <subfield code="4">aut</subfield>
  </datafield>
  <datafield tag="245" ind1="1" ind2="0">
    <subfield code="a">&lt;&lt;Der&gt;&gt; Schulhof als bewegungsorientierter Sozialraum</subfield>
    <subfield code="b">eine sportpädagogische Untersuchung zum informellen Lernen in Ganztagsschulen</subfield>
    <subfield code="c">vorgelegt von Ahmet Derecik</subfield>
  </datafield>
  <datafield tag="264" ind1=" " ind2="1">
    <subfield code="a">Aachen [u.a.]</subfield>
    <subfield code="b">Meyer &amp; Meyer</subfield>
    <subfield code="c">2011</subfield>
  </datafield>
  <datafield tag="300" ind1=" " ind2=" ">
    <subfield code="a">283 S. : Ill., graph. Darst.</subfield>
  </datafield>
  <datafield tag="490" ind1="1" ind2=" ">
    <subfield code="a">Sportforum</subfield>
    <subfield code="v">28</subfield>
  </datafield>
  <datafield tag="502" ind1=" " ind2=" ">
    <subfield code="a">Marburg, Univ., Diss., 2011</subfield>
  </datafield>
  <datafield tag="689" ind1="0" ind2="0">
    <subfield code="a">Schulhof</subfield>
    <subfield code="D">s</subfield>
    <subfield code="0">(DE-588)4131620-4</subfield>
  </datafield>
  <datafield tag="689" ind1="0" ind2="1">
    <subfield code="a">Sozialraum</subfield>
    <subfield code="D">s</subfield>
    <subfield code="0">(DE-588)4116546-9</subfield>
  </datafield>
  <datafield tag="689" ind1="0" ind2="2">
    <subfield code="a">Informelles Lernen</subfield>
    <subfield code="D">s</subfield>
    <subfield code="0">(DE-588)4680202-2</subfield>
  </datafield>
  <datafield tag="689" ind1="0" ind2="3">
    <subfield code="a">Ganztagsschule</subfield>
    <subfield code="D">s</subfield>
    <subfield code="0">(DE-588)4155947-2</subfield>
  </datafield>
  <datafield tag="689" ind1="0" ind2="4">
    <subfield code="a">Sportpädagogik</subfield>
    <subfield code="D">s</subfield>
    <subfield code="0">(DE-588)4130615-6</subfield>
  </datafield>
  <datafield tag="751" ind1=" " ind2=" ">
    <subfield code="a">Marburg</subfield>
    <subfield code="0">(DE-588)4037446-4</subfield>
    <subfield code="4">uvp</subfield>
  </datafield>
  <datafield tag="776" ind1="0" ind2="8">
    <subfield code="i">Erscheint auch als</subfield>
    <subfield code="n">Online-Ausgabe</subfield>
    <subfield code="z">9783840334900</subfield>
    <subfield code="9">978-3-8403-3490-0</subfield>
  </datafield>
  <datafield tag="830" ind1=" " ind2="0">
    <subfield code="a">Sportforum</subfield>
    <subfield code="w">(DE-605)HT004999851</subfield>
    <subfield code="v">28</subfield>
    <subfield code="9">O:1</subfield>
  </datafield>
  <datafield tag="856" ind1="4" ind2="2">
    <subfield code="m">B:DE-101</subfield>
    <subfield code="q">application/pdf</subfield>
    <subfield code="u">http://digitale-objekte.hbz-nrw.de/storage/2012/06/16/file_46/4507767.pdf</subfield>
    <subfield code="3">Inhaltsverzeichnis</subfield>
    <subfield code="9">O:PKN</subfield>
  </datafield>
  <datafield tag="964" ind1="0" ind2="s">
    <subfield code="F">030</subfield>
    <subfield code="A">a|1uc||||||17</subfield>
  </datafield>
  <datafield tag="964" ind1="0" ind2="s">
    <subfield code="F">050</subfield>
    <subfield code="A">a|||||||||||||</subfield>
  </datafield>
  <datafield tag="964" ind1="0" ind2="s">
    <subfield code="F">051</subfield>
    <subfield code="A">sy||||||</subfield>
  </datafield>
  <datafield tag="035" ind1=" " ind2=" ">
    <subfield code="a">(OCoLC)767576266</subfield>
  </datafield>
  <datafield tag="035" ind1=" " ind2=" ">
    <subfield code="a">(DE-599)HBZHT017015300</subfield>
  </datafield>
  <datafield tag="MBD" ind1=" " ind2=" ">
    <subfield code="M">49HBZ_NETWORK</subfield>
    <subfield code="i">990189160110206441</subfield>
    <subfield code="n">HBZ Network</subfield>
  </datafield>
  <datafield tag="MBD" ind1=" " ind2=" ">
    <subfield code="M">49HBZ_WUP</subfield>
    <subfield code="i">990012285250206447</subfield>
    <subfield code="n">Bergische Universität Wuppertal</subfield>
  </datafield>
  <datafield tag="020" ind1=" " ind2=" ">
    <subfield code="a">9783898997126</subfield>
    <subfield code="9">978-3-89899-712-6</subfield>
    <subfield code="M">49HBZ_WUP</subfield>
  </datafield>
  <datafield tag="776" ind1="0" ind2="8">
    <subfield code="i">Erscheint auch als</subfield>
    <subfield code="n">Online-Ausgabe</subfield>
    <subfield code="z">9783840334900</subfield>
    <subfield code="9">978-3-8403-3490-0</subfield>
    <subfield code="M">49HBZ_WUP</subfield>
  </datafield>
  <datafield tag="830" ind1=" " ind2="0">
    <subfield code="a">Sportforum</subfield>
    <subfield code="w">(DE-605)HT004999851</subfield>
    <subfield code="v">28</subfield>
    <subfield code="9">O:1</subfield>
    <subfield code="M">49HBZ_WUP</subfield>
  </datafield>
  <datafield tag="856" ind1="4" ind2="2">
    <subfield code="m">B:DE-101</subfield>
    <subfield code="q">application/pdf</subfield>
    <subfield code="u">http://digitale-objekte.hbz-nrw.de/storage/2012/06/16/file_46/4507767.pdf</subfield>
    <subfield code="3">Inhaltsverzeichnis</subfield>
    <subfield code="9">O:PKN</subfield>
    <subfield code="M">49HBZ_WUP</subfield>
  </datafield>
  <datafield tag="983" ind1=" " ind2=" ">
    <subfield code="b">KRXS</subfield>
    <subfield code="9">LOCAL</subfield>
    <subfield code="M">49HBZ_WUP</subfield>
  </datafield>
  <datafield tag="MNG" ind1=" " ind2=" ">
    <subfield code="c">System</subfield>
    <subfield code="f">ILS</subfield>
    <subfield code="i">marc21</subfield>
    <subfield code="k">01</subfield>
    <subfield code="e">false</subfield>
    <subfield code="d">2023-04-03 04:26:02 Europe/Berlin</subfield>
    <subfield code="g">018916011-HBZ01</subfield>
    <subfield code="j">60</subfield>
    <subfield code="a">import</subfield>
    <subfield code="b">2021-04-05 08:14:06 Europe/Berlin</subfield>
  </datafield>
  <datafield tag="H52" ind1=" " ind2=" ">
    <subfield code="b">W0001</subfield>
    <subfield code="c">20</subfield>
    <subfield code="h"/>
    <subfield code="8">22146310040006447</subfield>
  </datafield>
  <datafield tag="HOL" ind1=" " ind2=" ">
    <subfield code="b">2021-04-06 08:57:11</subfield>
    <subfield code="8">22146310040006447</subfield>
    <subfield code="M">49HBZ_WUP</subfield>
    <subfield code="g">false</subfield>
    <subfield code="a">import</subfield>
  </datafield>
  <datafield tag="H52" ind1=" " ind2=" ">
    <subfield code="b">W0001</subfield>
    <subfield code="c">21</subfield>
    <subfield code="h"/>
    <subfield code="8">22146310020006447</subfield>
  </datafield>
  <datafield tag="HOL" ind1=" " ind2=" ">
    <subfield code="b">2021-04-06 08:57:11</subfield>
    <subfield code="8">22146310020006447</subfield>
    <subfield code="M">49HBZ_WUP</subfield>
    <subfield code="g">false</subfield>
    <subfield code="a">import</subfield>
  </datafield>
  <datafield tag="ITM" ind1=" " ind2=" ">
    <subfield code="H">22146310020006447</subfield>
    <subfield code="x">AA</subfield>
    <subfield code="f">BOOK</subfield>
    <subfield code="v">21</subfield>
    <subfield code="p">11</subfield>
    <subfield code="X">System</subfield>
    <subfield code="U">2011-10-31 11:59:00 Europe/Berlin</subfield>
    <subfield code="Y">2021-05-10 17:38:55 Europe/Berlin</subfield>
    <subfield code="h">false</subfield>
    <subfield code="n">KRXS1037</subfield>
    <subfield code="M">49HBZ_WUP</subfield>
    <subfield code="s">0</subfield>
    <subfield code="d">#</subfield>
    <subfield code="V">import</subfield>
    <subfield code="b">W00151217</subfield>
    <subfield code="O">Process Status: AA</subfield>
    <subfield code="a">23146330000006447</subfield>
    <subfield code="t">8</subfield>
    <subfield code="R">Maintenance count: 001</subfield>
    <subfield code="r">LOAN</subfield>
    <subfield code="S">M2011-5360</subfield>
    <subfield code="B">2011/11535</subfield>
    <subfield code="D">20111202</subfield>
    <subfield code="W">2011-10-31 01:00:00 Europe/Berlin</subfield>
    <subfield code="u">W0001</subfield>
    <subfield code="w">W0001</subfield>
  </datafield>
  <datafield tag="ITM" ind1=" " ind2=" ">
    <subfield code="H">22146310040006447</subfield>
    <subfield code="x">20</subfield>
    <subfield code="f">BOOK</subfield>
    <subfield code="v">20</subfield>
    <subfield code="p">12</subfield>
    <subfield code="X">System</subfield>
    <subfield code="U">2013-03-19 11:59:00 Europe/Berlin</subfield>
    <subfield code="Y">2022-04-21 14:18:23 Europe/Berlin</subfield>
    <subfield code="h">false</subfield>
    <subfield code="n">KRXS1037+2</subfield>
    <subfield code="M">49HBZ_WUP</subfield>
    <subfield code="s">1</subfield>
    <subfield code="d">#</subfield>
    <subfield code="V">import</subfield>
    <subfield code="b">W00185519</subfield>
    <subfield code="a">23146310030006447</subfield>
    <subfield code="t">8</subfield>
    <subfield code="R">Maintenance count: 004</subfield>
    <subfield code="S">M2013-1162</subfield>
    <subfield code="B">2013/3944</subfield>
    <subfield code="D">20130321</subfield>
    <subfield code="W">2013-03-19 01:00:00 Europe/Berlin</subfield>
    <subfield code="u">W0001</subfield>
    <subfield code="w">W0001</subfield>
  </datafield>
  <datafield tag="ITM" ind1=" " ind2=" ">
    <subfield code="H">22146310020006447</subfield>
    <subfield code="x">21</subfield>
    <subfield code="f">BOOK</subfield>
    <subfield code="v">21</subfield>
    <subfield code="p">11</subfield>
    <subfield code="X">System</subfield>
    <subfield code="U">2022-07-20 14:14:22 Europe/Berlin</subfield>
    <subfield code="Y">2023-04-04 15:56:11 Europe/Berlin</subfield>
    <subfield code="h">false</subfield>
    <subfield code="n">KRXS1040</subfield>
    <subfield code="M">49HBZ_WUP</subfield>
    <subfield code="s">1</subfield>
    <subfield code="d">#</subfield>
    <subfield code="V">import</subfield>
    <subfield code="b">W00328289</subfield>
    <subfield code="a">23146310010006447</subfield>
    <subfield code="t">8</subfield>
    <subfield code="S">M2013-1162</subfield>
    <subfield code="B">(8906)</subfield>
    <subfield code="D">2013-03-21 13:14:22</subfield>
    <subfield code="W">2013-03-19 01:00:00 Europe/Berlin</subfield>
    <subfield code="u">W0001</subfield>
    <subfield code="w">W0001</subfield>
  </datafield>
</record>
